% -----------------------------------------------------------------------
% File: smc2015template.bib
% -----------------------------------------------------------------------
% separate each line item with space, otherwise the reference will not be hyperlinked
% put the keyword "and" between authors to separate them.

@article{arthur2007k,
  title={k-means++: The advantages of careful seeding},
  author={Arthur, David and Vassilvitskii, Sergei},
  booktitle={Proceedings of the eighteenth annual ACM-SIAM symposium on Discrete algorithms},
  pages={1027--1035},
  year={2007},
  organization={Society for Industrial and Applied Mathematics}
}